<record><leader>00000cas a22000007a 4500</leader><controlfield tag="001">19952424</controlfield><controlfield tag="008">890630d18uu1904coudr ne      0    0eng d</controlfield><datafield ind1=" " ind2=" " tag="010"><subfield code="a">sn 89052189 </subfield></datafield><datafield ind1=" " ind2=" " tag="040"><subfield code="a">CNQ</subfield><subfield code="b">eng</subfield><subfield code="c">CNQ</subfield><subfield code="d">OCLCQ</subfield></datafield><datafield ind1=" " ind2=" " tag="042"><subfield code="a">msc</subfield></datafield><datafield ind1="0" ind2=" " tag="130"><subfield code="a">Boulder County herald (Boulder, Colo. : Daily)</subfield></datafield><datafield ind1="1" ind2="0" tag="245"><subfield code="a">Boulder County herald.</subfield></datafield><datafield ind1="3" ind2="0" tag="246"><subfield code="a">Boulder herald</subfield></datafield><datafield ind1=" " ind2=" " tag="260"><subfield code="a">Boulder, Colo. :</subfield><subfield code="b">O.H. Wangelin</subfield></datafield><datafield ind1=" " ind2=" " tag="300"><subfield code="a">v.</subfield></datafield><datafield ind1=" " ind2=" " tag="310"><subfield code="a">Daily</subfield></datafield><datafield ind1="0" ind2=" " tag="362"><subfield code="a">-v. 25, no. 37 (Apr. 1, 1904).</subfield></datafield><datafield ind1=" " ind2=" " tag="500"><subfield code="a">Published as: Boulder herald, Jan. 1, 1896.</subfield></datafield><datafield ind1=" " ind2=" " tag="500"><subfield code="a">Published together with weekly edition, Sept. 9, 1885-Jan. 1902.</subfield></datafield><datafield ind1=" " ind2=" " tag="530"><subfield code="a">Available on microfilm from the Colorado Historical Society.</subfield></datafield><datafield ind1=" " ind2=" " tag="588"><subfield code="a">Description based on: Vol. 15, no. 301 (Jan. 2, 1895).</subfield></datafield><datafield ind1=" " ind2=" " tag="752"><subfield code="a">United States</subfield><subfield code="b">Colorado</subfield><subfield code="c">Boulder</subfield><subfield code="d">Boulder.</subfield></datafield><datafield ind1="0" ind2=" " tag="775"><subfield code="t">Boulder County herald (Boulder, Colo. : Weekly)</subfield><subfield code="w">(DLC)sn 89052301</subfield></datafield><datafield ind1="0" ind2="0" tag="780"><subfield code="t">Boulder herald</subfield><subfield code="w">(DLC)sn 90051806</subfield></datafield><datafield ind1="0" ind2="0" tag="785"><subfield code="t">Daily herald (Boulder, Colo.)</subfield><subfield code="w">(DLC)sn 89052190</subfield></datafield><datafield ind1="1" ind2=" " tag="029"><subfield code="a">AU@</subfield><subfield code="b">000025899535</subfield></datafield></record>